@article{pollard_1986,
    author = {Richard Pollard},
    title = {Home advantage in soccer: A retrospective analysis},
    journal = {Journal of Sports Sciences},
    volume = {4},
    number = {3},
    pages = {237--248},
    year  = {1986},
    publisher = {Routledge}
}

@article{barnett_1993,
    author = {V. Barnett and S. Hilditch},
    title = {The Effect of an Artificial Pitch Surface on Home Team Performance in Football (Soccer)},
    journal = {Journal of the Royal Statistical Society: Series A (Statistics in Society)},
    volume = {156},
    number = {1},
    pages = {39--50},
    year = {1993},
    publisher = {[Wiley, Royal Statistical Society]}
}

@article{clarke_1995,
    author = {Stephen R. Clarke and John M. Norman},
    title = {{Home ground advantage of individual clubs in English soccer}},
    journal = {Journal of the Royal Statistical Society: Series D (The Statistician)},
    volume = {44},
    number = {4},
    pages = {509--521},
    year = {1995},
    publisher = {[Royal Statistical Society, Wiley]}
}

@article{bray_2003,
    author = {S. Bray and J. Law and J. Foyle},
    title = {{Team quality and game location effects in English professional soccer}},
    journal = {Journal of Sport Behavior},
    volume = {26},
    pages = {319--334},
    year = {2003}
}

@article{carmichael_2005,
    author = {Carmichael, Fiona and Thomas, Dennis},
    title = {{Home-field effect and team performance: Evidence from English premiership football}},
    journal = {Journal of Sports Economics},
    volume = {6},
    number = {3},
    pages = {264--281},
    year = {2005}
}

@article{dawson_2007,
    author = {Dawson, Peter and Dobson, Stephen and Goddard, John and Wilson, John},
    title = {{Are football referees really biased and inconsistent? Evidence on the incidence of disciplinary sanction in the English Premier League}},
    journal = {Journal of the Royal Statistical Society: Series A (Statistics in Society)},
    volume = {170},
    pages = {231--250},
    year = {2007}
}

@article{johnston_2008,
    author = {Ron Johnston},
    title = {On referee bias, crowd size, and home advantage in the English soccer Premiership},
    journal = {Journal of Sports Sciences},
    volume = {26},
    number = {6},
    pages = {563--568},
    year  = {2008},
    publisher = {Routledge}
}

@article{boyko_2010,
    author = {R. Boyko and A. Boyko and M. Boyko},
    title = {{Referee bias contributes to home advantage in English premiership football}},
    journal = {Journal of Sports Sciences},
    volume = {25},
    number = {11},
    pages = {1185--1194},
    year = {2010}
}

@article{buraimo_2010,
    author = {B. Buraimo and D. Forrest and R. Simmons},
    title = {{The 12th man? Refereeing bias in English and German soccer}},
    journal = {Journal of the Royal Statistical Society: Series A (Statistics in Society)},
    volume = {173},
    number = {2},
    pages = {431--449},
    year = {2010}
}

@article{armatas_2014,
    author = {Armatas, Vasilis and Pollard, Richard},
    title = {{Home advantage in Greek football}},
    journal = {European Journal of Sport Science},
    volume = {14},
    number = {2},
    pages = {116--122},
    year = {2014}
}

@article{allen_2014,
    author = {Allen, Mark and Jones, Marc},
    title = {{The home advantage over the first 20 seasons of the English Premier League: Effects of shirt colour, team ability and time trends}},
    journal = {International Journal of Sport and Exercise Psychology},
    volume = {12},
    number = {1},
    pages = {10--18},
    year = {2014}
}

@article{attrill_2008,
    author = {Attrill, Martin and Gresty, Karen and Hill, Russell and Barton, Robert},
    title = {{Red shirt colour is associated with long-term team success in English football}},
    journal = {Journal of Sports Sciences},
    volume = {26},
    pages = {577--582},
    year = {2008}
}

@article{garicano_2005,
    author = {Garicano, Luis and Palacios-Huerta, Ignacio and Prendergast, Canice},
    title = {Favoritism Under Social Pressure},
    journal = {The Review of Economics and Statistics},
    volume = {87},
    number = {2},
    pages = {208--216},
    year = {2005}
}

@article{pollard_2017,
    author = {Pollard, Richard and Armatas, Vasilis},
    title = {{Factors affecting home advantage in football World Cup qualification}},
    journal = {International Journal of Performance Analysis in Sport},
    volume = {17},
    pages = {121--135},
    year = {2017}
}

@article{ponzo_2018,
    author = {Ponzo, Michela and Scoppa, Vincenzo},
    title = {{Does the home advantage depend on crowd support? Evidence from same-stadium derbies}},
    journal = {Journal of Sports Economics},
    volume = {19},
    number = {4},
    pages = {562--582},
    year = {2018}   
}

@article{krumer_2018,
    author = {Krumer, Alex and Lechner, Michael},
    title = {{Midweek effect on soccer performance: Evidence from the German Bundesliga}},
    journal = {Economic Inquiry},
    volume = {56},
    number = {1},
    pages = {193--207},
    year = {2018}
}

@article{goller_2020,
    author = {Daniel Goller and Alex Krumer},
    title = {{Let's meet as usual: Do games played on non-frequent days differ? Evidence from top European soccer leagues}},
    journal = {European Journal of Operational Research},
    volume = {286},
    number = {2},
    pages = {740--754},
    year = {2020},
}

@article{krumer_2020,
    author = {Alex Krumer},
    title = {{Testing the effect of kick-off time in the UEFA Europa League}},
    journal = {European Sport Management Quarterly},
    volume = {20},
    number = {2},
    pages = {225--238},
    year  = {2020},
    publisher = {Routledge}
}

@article{van_ours_2019,
    author = {Van Ours, Jan C.},
    title = {{A note on artificial pitches and home advantage in Dutch professional football}},
    journal = {De Economist},
    volume = {167},
    pages = {89--103},
    year = {2019}
}

@article{van_damme_2019,
    author = {Van Damme, Nils and Baert, Stijn},
    title = {{Home advantage in European international soccer: Which dimension of distance matters?}},
    journal = {Economics: The Open-Access, Open-Assessment E-Journal (2007-2020)},
    volume = {13},
    number = {50},
    pages = {1--17},
    year = {2019}
}

@article{amez_2020,
    author = {Simon Amez and Stijn Baert and Brecht Neyt and Maarten Vandemaele},
    title = {{No evidence for second leg home advantage in recent seasons of European soccer cups}},
    journal = {Applied Economics Letters},
    volume = {27},
    number = {2},
    pages = {156--160},
    year  = {2020},
    publisher = {Routledge}
}

@article{peeters_2021,
    author = {Peeters, Thomas and Van Ours, Jan C.},
    title = {{Seasonal home advantage in English professional football}},
    journal = {De Economist},
    volume = {169},
    pages = {107--126},
    year = {2021}
}

@article{pope_2015,
    author = {Pope, Bryson R. and Pope, Nolan G.},
    title = {OWN-NATIONALITY BIAS: EVIDENCE FROM UEFA CHAMPIONS LEAGUE FOOTBALL REFEREES},
    journal = {Economic Inquiry},
    volume = {53},
    number = {2},
    pages = {1292--1304},
    year = {2015}
}